%  a sample bibliography file
%  

@Book{nks,
author = {Комарцова Л. Г., Максимов А. В.},
title = {Нейрокомпьютеры},
publisher = {М.: МГТУ им. Н. Э. Баумана},
year = 2002,
pages = 320,
langid = {russian}
}

@Book{raschka2015python,
 author = {Raschka, Sebastian},
 title = {Python Machine Learning},
 publisher = {Packt Publishing},
 year = {2015},
 address = {Birmingham, UK},
 isbn = {1783555130}
 }

@book{Goodfellow-et-al-2016,
    title={Deep Learning},
    author={Ian Goodfellow and Yoshua Bengio and Aaron Courville},
    publisher={MIT Press},
    note={\url{http://www.deeplearningbook.org}},
    year={2016}
}

@book{neuralnetworksanddeeplearning-2017,
    title={Neural Networks and Deep Learning},
    author={Michael Nielsen},
    note={\url{http://neuralnetworksanddeeplearning.com/}},
    year={2017}
}



%  The authors mentioned here are almost, but not quite,
%  entirely unrelated to Matt Groening.

